@article{Turk1991,
author = {Turk, Matthew and Pentland, Alex},
journal = {Journal of Cognitive Neuroscience},
number = {1},
pages = {72--86},
title = {{Eigenfaces for Recognition}},
volume = {3},
year = {1991}
}
